@article{barenco,
    author    = {Adriano Barenco and Charles H. Bennet and Richard Cleve and David P. DiVincenzo and Norman Margolus and Peter Shor and Tycho Sleator and Jhon A. Smolin and Harald Weinfurter},
    title     = {Elementary gates for quantum computation},
    journal   = {Physical Review A},
    year      = {1995},
    url       = {https://journals.aps.org/pra/abstract/10.1103/PhysRevA.52.3457},
}

@article{wendin,
    author    = {G. Wendin},
    title     = {Quantum information processing with superconducting circuits: a review},
    journal   = {IOP Science},
    year      = {2017},
    url       = {http://iopscience.iop.org/article/10.1088/1361-6633/aa7e1a/pdf},
}

@article{blais,
    author    = {Alexandre Blais and Jay Gambetta and A. Wallraff and D. I. Schuster and S. M. Girvin and M. H. Devoret and and R. J. Schoelkopf},
    title     = {Quantum-information processing with circuit quantum electrodynamics},
    journal   = {Physical Review A},
    year      = {2007},
    url       = {https://journals.aps.org/pra/abstract/10.1103/PhysRevA.75.032329},
}

@article{gross,
    author    = {Rudolf Gross and Achim Marx},
    title     = {Applied Superconductivity: Josephson Effect and Superconducting Electronics},
    journal   = {Walther-Meißner-Institut},
    year      = {2005},
}

@article{drozdov,
    author    = {A. P. Drozdov and M. I. Eremets and I. A. Troyan and V. Ksenofontov and S. I. Shylin},
    title     = {Conventional superconductivity at 203 kelvin at high pressures in the sulfur hydride system},
    journal   = {Nature},
    year      = {2015},
    volume   = {525},
    pages    = {73-76},
}

@article{sttiwuer,
    author    = {Sttiwuer Díaz-Solórzano},
    title     = {Esquemas de medidas},
    journal   = {QIC},
    year      = {2014},
}


%@article{Xarticle,
    %author    = {},
    %title     = {},
    %journal   = {},
    %%volume   = {},
    %%number   = {},
    %%pages    = {},
    %year      = {XXXX},
    %%month    = {},
    %%note     = {},
%}
